<?xml version="1.0" encoding="UTF-8"?><collection xmlns="http://www.loc.gov/MARC21/slim"><record><leader>00441nam--2200121-i-4500</leader><controlfield tag="001">000010589</controlfield><controlfield tag="002">20161230</controlfield><controlfield tag="005">20161230201028</controlfield><controlfield tag="008">060222s1000------------r-----000-0-eng-d</controlfield><datafield ind1=" " ind2=" " tag="080"><subfield code="a">017:021.3</subfield></datafield><datafield ind1=" " ind2=" " tag="245"><subfield code="a">Catalog de fise tehnice ale produselor asimila te in fabricatia curenta. grupele principale 411 si 412: masini electrice rotative</subfield></datafield><datafield ind1=" " ind2=" " tag="260"><subfield code="a">Bucuresti, Oficiul De Documentare Si Publicati I Tehnice (M.I.C.M.), 1972. 274 P</subfield></datafield><datafield ind1=" " ind2=" " tag="852"><subfield code="a">D.2099</subfield></datafield></record></collection>